<record><leader>00000cas a22000007a 4500</leader><controlfield tag="001">10095351</controlfield><controlfield tag="008">831104d18711874pauwr ne      0    0eng d</controlfield><datafield ind1=" " ind2=" " tag="010"><subfield code="a">sn 83031983 </subfield></datafield><datafield ind1=" " ind2=" " tag="040"><subfield code="a">NPU</subfield><subfield code="b">eng</subfield><subfield code="c">NPU</subfield><subfield code="d">NPH</subfield><subfield code="d">OCLCQ</subfield></datafield><datafield ind1=" " ind2=" " tag="042"><subfield code="a">msc</subfield></datafield><datafield ind1="0" ind2="0" tag="245"><subfield code="a">Beaver conservative.</subfield></datafield><datafield ind1=" " ind2=" " tag="260"><subfield code="a">Beaver, Pa. :</subfield><subfield code="b">Williams &amp; Bigger</subfield></datafield><datafield ind1=" " ind2=" " tag="300"><subfield code="a">v. ;</subfield><subfield code="c">66 cm.</subfield></datafield><datafield ind1=" " ind2=" " tag="310"><subfield code="a">Weekly</subfield></datafield><datafield ind1="1" ind2=" " tag="362"><subfield code="a">Began May 19, 1871; ceased in Jan. 1874.</subfield><subfield code="z">Cf. Bausman, History of Beaver County.</subfield></datafield><datafield ind1=" " ind2=" " tag="500"><subfield code="a">Published every Friday.</subfield></datafield><datafield ind1=" " ind2=" " tag="500"><subfield code="a">Publisher: E.B. Williams, &lt;Jan. 31, 1873&gt;.</subfield></datafield><datafield ind1=" " ind2=" " tag="588"><subfield code="a">Description based on: Vol. 2, no. 35 (Jan. 17, 1873).</subfield></datafield><datafield ind1=" " ind2=" " tag="752"><subfield code="a">United States</subfield><subfield code="b">Pennsylvania</subfield><subfield code="c">Beaver</subfield><subfield code="d">Beaver.</subfield></datafield><datafield ind1="0" ind2="0" tag="780"><subfield code="t">Local (Beaver, Pa.)</subfield></datafield><datafield ind1="0" ind2="0" tag="785"><subfield code="t">Democrat (Beaver, Pa.)</subfield></datafield></record>